@article{ebrahimi2017evaluation,
  title={Evaluation of FPGA hardware as a new approach for accelerating the numerical solution of the Laplace problem},
  author={Ebrahimi, Abbas and Zandsalimy, Mohammad},
  journal={Modares Mechanical Engineering},
  volume={17},
  number={1},
  pages={67--74},
  year={2017},
  publisher={Modares Mechanical Engineering}
}